


@article{radford2019language,
	title={Language Models are Unsupervised Multitask Learners},
	author={Radford, Alec and Wu, Jeff and Child, Rewon and Luan, David and Amodei, Dario and Sutskever, Ilya},
	year={2019}
}

@article{tensor2tensor,
	author    = {Ashish Vaswani and Samy Bengio and Eugene Brevdo and
	Francois Chollet and Aidan N. Gomez and Stephan Gouws and Llion Jones and
	\L{}ukasz Kaiser and Nal Kalchbrenner and Niki Parmar and Ryan Sepassi and
	Noam Shazeer and Jakob Uszkoreit},
	title     = {Tensor2Tensor for Neural Machine Translation},
	journal   = {CoRR},
	volume    = {abs/1803.07416},
	year      = {2018},
	url       = {http://arxiv.org/abs/1803.07416},
}

@article{DBLP:journals/corr/abs-1810-04805,
	author    = {Jacob Devlin and
	Ming{-}Wei Chang and
	Kenton Lee and
	Kristina Toutanova},
	title     = {{BERT:} Pre-training of Deep Bidirectional Transformers for Language
	Understanding},
	journal   = {CoRR},
	volume    = {abs/1810.04805},
	year      = {2018},
	url       = {http://arxiv.org/abs/1810.04805},
	archivePrefix = {arXiv},
	eprint    = {1810.04805},
	timestamp = {Tue, 30 Oct 2018 20:39:56 +0100},
	biburl    = {https://dblp.org/rec/bib/journals/corr/abs-1810-04805},
	bibsource = {dblp computer science bibliography, https://dblp.org}
}

@inproceedings{Vaswani2017AttentionIA,
	title={Attention Is All You Need},
	author={Ashish Vaswani and Noam Shazeer and Niki Parmar and Jakob Uszkoreit and Llion Jones and Aidan N. Gomez and Lukasz Kaiser and Illia Polosukhin},
	booktitle={NIPS},
	year={2017}
}

@article{DBLP:journals/corr/KumarISBEPOGS15,
	author    = {Ankit Kumar and
	Ozan Irsoy and
	Jonathan Su and
	James Bradbury and
	Robert English and
	Brian Pierce and
	Peter Ondruska and
	Ishaan Gulrajani and
	Richard Socher},
	title     = {Ask Me Anything: Dynamic Memory Networks for Natural Language Processing},
	journal   = {CoRR},
	volume    = {abs/1506.07285},
	year      = {2015},
	url       = {http://arxiv.org/abs/1506.07285},
	archivePrefix = {arXiv},
	eprint    = {1506.07285},
	timestamp = {Thu, 21 Mar 2019 11:19:44 +0100},
	biburl    = {https://dblp.org/rec/bib/journals/corr/KumarISBEPOGS15},
	bibsource = {dblp computer science bibliography, https://dblp.org}
}

@article{DBLP:journals/corr/VinyalsL15,
	author    = {Oriol Vinyals and
	Quoc V. Le},
	title     = {A Neural Conversational Model},
	journal   = {CoRR},
	volume    = {abs/1506.05869},
	year      = {2015},
	url       = {http://arxiv.org/abs/1506.05869},
	archivePrefix = {arXiv},
	eprint    = {1506.05869},
	timestamp = {Mon, 13 Aug 2018 16:48:58 +0200},
	biburl    = {https://dblp.org/rec/bib/journals/corr/VinyalsL15},
	bibsource = {dblp computer science bibliography, https://dblp.org}
}

@article{DBLP:journals/corr/XiongMS16,
	author    = {Caiming Xiong and
	Stephen Merity and
	Richard Socher},
	title     = {Dynamic Memory Networks for Visual and Textual Question Answering},
	journal   = {CoRR},
	volume    = {abs/1603.01417},
	year      = {2016},
	url       = {http://arxiv.org/abs/1603.01417},
	archivePrefix = {arXiv},
	eprint    = {1603.01417},
	timestamp = {Mon, 13 Aug 2018 16:49:04 +0200},
	biburl    = {https://dblp.org/rec/bib/journals/corr/XiongMS16},
	bibsource = {dblp computer science bibliography, https://dblp.org}
}

@article{mikolov2013efficient,
	title={Efficient estimation of word representations in vector space},
	author={Mikolov, Tomas and Chen, Kai and Corrado, Greg and Dean, Jeffrey},
	journal={arXiv preprint arXiv:1301.3781},
	year={2013}
}

@inproceedings{pennington-etal-2014-glove,
	title = "{G}love: Global Vectors for Word Representation",
	author = "Pennington, Jeffrey  and
	Socher, Richard  and
	Manning, Christopher",
	booktitle = "Proceedings of the 2014 Conference on Empirical Methods in Natural Language Processing ({EMNLP})",
	month = oct,
	year = "2014",
	address = "Doha, Qatar",
	publisher = "Association for Computational Linguistics",
	url = "https://www.aclweb.org/anthology/D14-1162",
	doi = "10.3115/v1/D14-1162",
	pages = "1532--1543",
}

@InProceedings{Danescu-Niculescu-Mizil+Lee:11a,
	author={Cristian Danescu-Niculescu-Mizil and Lillian Lee},
	title={Chameleons in imagined conversations: 
	A new approach to understanding coordination of linguistic style in dialogs.},
	booktitle={Proceedings of the 
	Workshop on Cognitive Modeling and Computational Linguistics, ACL 2011},
	year={2011}
}

@article{weston2015towards,
	title={Towards ai-complete question answering: A set of prerequisite toy tasks},
	author={Weston, Jason and Bordes, Antoine and Chopra, Sumit and Rush, Alexander M and van Merri{\"e}nboer, Bart and Joulin, Armand and Mikolov, Tomas},
	journal={arXiv preprint arXiv:1502.05698},
	year={2015}
}

@article{DBLP:journals/corr/abs-1809-01984,
	author    = {Pierre{-}Emmanuel Mazar{\'{e}} and
	Samuel Humeau and
	Martin Raison and
	Antoine Bordes},
	title     = {Training Millions of Personalized Dialogue Agents},
	journal   = {CoRR},
	volume    = {abs/1809.01984},
	year      = {2018},
	url       = {http://arxiv.org/abs/1809.01984},
	archivePrefix = {arXiv},
	eprint    = {1809.01984},
	timestamp = {Fri, 05 Oct 2018 11:34:52 +0200},
	biburl    = {https://dblp.org/rec/bib/journals/corr/abs-1809-01984},
	bibsource = {dblp computer science bibliography, https://dblp.org}
}

@article{Wolf2019HuggingFacesTS,
	title={HuggingFace's Transformers: State-of-the-art Natural Language Processing},
	author={Thomas Wolf and Lysandre Debut and Victor Sanh and Julien Chaumond and Clement Delangue and Anthony Moi and Pierric Cistac and Tim Rault and R'emi Louf and Morgan Funtowicz and Jamie Brew},
	journal={ArXiv},
	year={2019},
	volume={abs/1910.03771}
}

@misc{2018Inkawhich,
	author = {{Matthew Inkawhich}},
	title = {pytorch-chatbot},
	note = "\url{https://github.com/pytorch/tutorials/blob/master/beginner\_source/chatbot\_tutorial.py}",
	urldate = {2018-09-16},
	year={2018}
}

@misc{2015Britz,
	author = {{Denny Britz}},
	title = {Recurrent Neural Network Tutorial, Part 4 â€“ Implementing a GRU/LSTM RNN with Python and Theano},
	note = {http://www.wildml.com/2015/10/recurrent-neural-network-tutorial-part-4-implementing-a-grulstm-rnn-with-python-and-theano/},
	urldate = {2015-10-27},
	year={2015}
}

@article{DBLP:journals/corr/LuongPM15,
	author    = {Minh{-}Thang Luong and
	Hieu Pham and
	Christopher D. Manning},
	title     = {Effective Approaches to Attention-based Neural Machine Translation},
	journal   = {CoRR},
	volume    = {abs/1508.04025},
	year      = {2015},
	url       = {http://arxiv.org/abs/1508.04025},
	archivePrefix = {arXiv},
	eprint    = {1508.04025},
	timestamp = {Mon, 13 Aug 2018 16:46:14 +0200},
	biburl    = {https://dblp.org/rec/bib/journals/corr/LuongPM15},
	bibsource = {dblp computer science bibliography, https://dblp.org}
}

@misc{2019NVIDIAadlr,
	author = {{NVIDIA Applied Deep Learning Research}},
	title = {MegatronLM: Training Billion+ Parameter Language Models Using GPU Model Parallelism},
	note = {https://nv-adlr.github.io/MegatronLM},
	urldate = {2019-08-13},
	year={2019}
}

@article{radford2018improving,
	title={Improving language understanding by generative pre-training},
	author={Radford, Alec and Narasimhan, Karthik and Salimans, Tim and Sutskever, Ilya},
	journal={URL https://s3-us-west-2. amazonaws. com/openai-assets/researchcovers/languageunsupervised/language understanding paper. pdf},
	year={2018}
}

@misc{2018Milosevic,
	author = {{Nemanja Milosevic}},
	title = {Compling ARM stuff without an ARM board / Build PyTorch for the Raspberry Pi},
	note = {https://nmilosev.svbtle.com/compling-arm-stuff-without-an-arm-board-build-pytorch-for-the-raspberry-pi},
	urldate = {2019-07-17},
	year={2019}
}

@misc{2020Maciejewski,
	author = {{Erik Maciejewski}},
	title = {TensorFlow Serving ARM - A project for cross-compiling TensorFlow Serving targeting popular ARM cores},
	note = {https://github.com/emacski/tensorflow-serving-arm},
	urldate = {2020-01-08},
	year={2020}
}

@article{DBLP:journals/corr/SutskeverVL14,
	author    = {Ilya Sutskever and
	Oriol Vinyals and
	Quoc V. Le},
	title     = {Sequence to Sequence Learning with Neural Networks},
	journal   = {CoRR},
	volume    = {abs/1409.3215},
	year      = {2014},
	url       = {http://arxiv.org/abs/1409.3215},
	archivePrefix = {arXiv},
	eprint    = {1409.3215},
	timestamp = {Mon, 13 Aug 2018 16:48:06 +0200},
	biburl    = {https://dblp.org/rec/bib/journals/corr/SutskeverVL14},
	bibsource = {dblp computer science bibliography, https://dblp.org}
}

@misc{ wiki:xxx,
	author = "{Wikipedia contributors}",
	title = "Winograd Schema Challenge --- {Wikipedia}{,} The Free Encyclopedia",
	year = "2020",
	howpublished = "\url{https://en.wikipedia.org/w/index.php?title=Winograd_Schema_Challenge&oldid=938834078}",
	note = "[Online; accessed 15-February-2020]"
}

@article{turc2019,
	title={Well-Read Students Learn Better: On the Importance of Pre-training Compact Models},
	author={Turc, Iulia and Chang, Ming-Wei and Lee, Kenton and Toutanova, Kristina},
	journal={arXiv preprint arXiv:1908.08962v2 },
	year={2019}
}

@misc{brown2020language,
	title={Language Models are Few-Shot Learners},
	author={Tom B. Brown and Benjamin Mann and Nick Ryder and Melanie Subbiah and Jared Kaplan and Prafulla Dhariwal and Arvind Neelakantan and Pranav Shyam and Girish Sastry and Amanda Askell and Sandhini Agarwal and Ariel Herbert-Voss and Gretchen Krueger and Tom Henighan and Rewon Child and Aditya Ramesh and Daniel M. Ziegler and Jeffrey Wu and Clemens Winter and Christopher Hesse and Mark Chen and Eric Sigler and Mateusz Litwin and Scott Gray and Benjamin Chess and Jack Clark and Christopher Berner and Sam McCandlish and Alec Radford and Ilya Sutskever and Dario Amodei},
	year={2020},
	eprint={2005.14165},
	archivePrefix={arXiv},
	primaryClass={cs.CL}
}


